
@article{escher_general_2011,
	title = {General framework for estimating the ultimate precision limit in noisy quantum-enhanced metrology},
	volume = {7},
	pages = {406--411},
	number = {5},
	journaltitle = {Nature Physics},
	author = {Escher, B. M. and de Matos Filho, R. L. and Davidovich, L.},
	date = {2011},
}

@article{paris_quantum_2009,
	title = {Quantum estimation for quantum technology},
	number = {{arXiv}:0804.2981},
	author = {Paris, Matteo G. A.},
	date = {2009},
	eprinttype = {arxiv},
	eprint = {0804.2981 [quant-ph]},
}

@article{monras_optimal_2007,
	title = {Optimal Quantum Estimation of Loss in Bosonic Channels},
	volume = {98},
	pages = {160401},
	number = {16},
	journaltitle = {Physical Review Letters},
	author = {Monras, Alex and Paris, Matteo G. A.},
	date = {2007},
}

@article{jiao_quantum_2023,
	title = {Quantum metrology and its noisy effects},
	author = {Jiao, Lin and Bai, Si-Yuan and Wu, Wei and An, Jun-Hong},
	date = {2023},
	eprinttype = {arxiv},
	eprint = {2307.07701 [quant-ph]},
}

@article{adesso_optimal_2009,
	title = {Optimal estimation of losses at the ultimate quantum limit with non-Gaussian states},
	volume = {79},
	pages = {040305},
	number = {4},
	journaltitle = {Physical Review A},
	author = {Adesso, G. and Dellâ€™Anno, F. and De Siena, S. and Illuminati, F. and Souza, L. A. M.},
	date = {2009},
}

@article{rossi_enhanced_2016,
	title = {Enhanced estimation of loss in the presence of Kerr nonlinearity},
	volume = {93},
	pages = {053805},
	number = {5},
	journaltitle = {Physical Review A},
	author = {Rossi, Matteo A. C. and Albarelli, Francesco and Paris, Matteo G. A.},
	date = {2016},
}
